<?xml version="1.0" encoding="UTF-8"?><record xmlns="http://www.loc.gov/MARC21/slim" xmlns:cinclude="http://apache.org/cocoon/include/1.0" xmlns:zs="http://www.loc.gov/zing/srw/">
  <leader>00513nz  a2200145n  4500</leader>
  <controlfield tag="001">n 2001078555</controlfield>
  <controlfield tag="003">DLC</controlfield>
  <controlfield tag="005">20010706135100.0</controlfield>
  <controlfield tag="008">010706n| acannaabn          |a aaa      </controlfield>
  <datafield tag="010" ind1=" " ind2=" ">
    <subfield code="a">n 2001078555</subfield>
  </datafield>
  <datafield tag="040" ind1=" " ind2=" ">
    <subfield code="a">DLC</subfield>
    <subfield code="b">eng</subfield>
    <subfield code="c">DLC</subfield>
  </datafield>
  <datafield tag="100" ind1="1" ind2=" ">
    <subfield code="a">Torres Sánchez-Pastor, Francisco Javier</subfield>
  </datafield>
  <datafield tag="400" ind1="1" ind2=" ">
    <subfield code="a">Sánchez-Pastor, Francisco Javier Torres</subfield>
  </datafield>
  <datafield tag="400" ind1="1" ind2=" ">
    <subfield code="a">Pastor, Francisco Javier Torres Sánchez-</subfield>
  </datafield>
  <datafield tag="670" ind1=" " ind2=" ">
    <subfield code="a">Torres Sánchez-Pastor, Francisco Javier. Carlos Galán, 1998:</subfield>
    <subfield code="b">t.p. (Francisco Javier Torres Sánchez-Pastor)</subfield>
  </datafield>
</record>